<record><leader>00000cas a2200000 a 4500</leader><controlfield tag="001">40604893</controlfield><controlfield tag="008">990112d19391961caucr ne      0    0eng c</controlfield><datafield ind1=" " ind2=" " tag="010"><subfield code="a">sn 98021780 </subfield></datafield><datafield ind1=" " ind2=" " tag="040"><subfield code="a">CRL</subfield><subfield code="b">eng</subfield><subfield code="c">CRL</subfield><subfield code="d">CNK</subfield><subfield code="d">OCLCQ</subfield><subfield code="d">OCLCF</subfield><subfield code="d">OCLCO</subfield></datafield><datafield ind1="1" ind2=" " tag="029"><subfield code="a">AU@</subfield><subfield code="b">000014497586</subfield></datafield><datafield ind1=" " ind2=" " tag="042"><subfield code="a">pcc</subfield></datafield><datafield ind1=" " ind2=" " tag="043"><subfield code="a">n-us-ca</subfield></datafield><datafield ind1="0" ind2="0" tag="245"><subfield code="a">Arcadia tribune and Arcadia news.</subfield></datafield><datafield ind1="3" ind2=" " tag="246"><subfield code="a">Arcadia tribune</subfield></datafield><datafield ind1="1" ind2="3" tag="246"><subfield code="a">Arcadia tribune and news</subfield><subfield code="f">Dec. 28, 1939-Sept. 5, 1940; Nov. 4, 1943-June 2, 1949</subfield></datafield><datafield ind1="1" ind2="7" tag="246"><subfield code="a">Arcadia tribune &amp; news</subfield></datafield><datafield ind1=" " ind2=" " tag="260"><subfield code="a">Arcadia, Calif. :</subfield><subfield code="b">Hass &amp; Ragan</subfield></datafield><datafield ind1=" " ind2=" " tag="300"><subfield code="a">v. :</subfield><subfield code="b">ill.</subfield></datafield><datafield ind1=" " ind2=" " tag="310"><subfield code="a">Semiweekly,</subfield><subfield code="b">Feb. 20-Mar. 9, 1961</subfield></datafield><datafield ind1=" " ind2=" " tag="321"><subfield code="a">Weekly,</subfield><subfield code="b">Dec. 28, 1939-Feb. 16, 1961</subfield></datafield><datafield ind1="0" ind2=" " tag="362"><subfield code="a">Vol. 9, no. 91 (Dec. 28, 1939)-v. 34, no. 13 (Mar. 9, 1961).</subfield></datafield><datafield ind1=" " ind2=" " tag="500"><subfield code="a">"And Arcadia News" appears in small print below "Arcadia Tribune."</subfield></datafield><datafield ind1=" " ind2=" " tag="530"><subfield code="a">Also issued on microfilm from UMI.</subfield></datafield><datafield ind1=" " ind2=" " tag="580"><subfield code="a">Related to: Arcadia bulletin (Arcadia, Calif. : 1945).</subfield></datafield><datafield ind1=" " ind2="0" tag="651"><subfield code="a">Arcadia (Calif.)</subfield><subfield code="v">Newspapers.</subfield></datafield><datafield ind1=" " ind2="7" tag="655"><subfield code="a">Newspapers.</subfield><subfield code="2">fast</subfield><subfield code="0">(OCoLC)fst01423814</subfield></datafield><datafield ind1=" " ind2="7" tag="651"><subfield code="a">California</subfield><subfield code="z">Arcadia.</subfield><subfield code="2">fast</subfield><subfield code="0">(OCoLC)fst01216237</subfield></datafield><datafield ind1=" " ind2=" " tag="752"><subfield code="a">United States</subfield><subfield code="b">California</subfield><subfield code="c">Los Angeles</subfield><subfield code="d">Arcadia.</subfield></datafield><datafield ind1="0" ind2="0" tag="780"><subfield code="t">Arcadia tribune (Arcadia, Calif. : 1931)</subfield><subfield code="w">(DLC)sn 00060268</subfield></datafield><datafield ind1="0" ind2="0" tag="785"><subfield code="t">Arcadia tribune</subfield><subfield code="w">(DLC)sn 96064321</subfield></datafield><datafield ind1="1" ind2=" " tag="787"><subfield code="t">Arcadia bulletin (Arcadia, Calif. : 1945)</subfield><subfield code="w">(DLC)sn 98021781</subfield><subfield code="w">(OCoLC)40604909</subfield></datafield></record>